@article{
  malware-definition,
  title     = {A general definition of malware},
  author    = {Kramer, Simon and Bradfield, Julian C},
  journal   = {Journal in computer virology},
  volume    = {6},
  number    = {2},
  pages     = {105--114},
  year      = {2010},
  publisher = {Springer}
}

@book{
  malware-book,
  title     = "Malware: Fighting Malicious Code",
  author    = "Skoudis, Ed and Zeltser, Lenny",
  publisher = "Prentice Hall",
  isbn      = {0131014056},
  year      = 2003,
}

@inproceedings{
  malware-motivation-classification,
  title     = {Classifying network attack scenarios using an ontology},
  author    = {Van Heerden, Renier P and Irwin, Barry and Burke, Ivan},
  booktitle = {Proceedings of the 7th International Conference on Information-Warfare \& Security (ICIW 2012)},
  pages     = {311--324},
  year      = {2012}
}

@book{
  brewster-malware-motivation,
  title     = "Application of big data for national security: A practitioner's
               guide to emerging technologies",
  author    = "Akhgar, Babak and Saathoff, Gregory B and Arabnia, Hamid R and
               Hill, Richard and Staniforth, Andrew and Bayerl, Petra Saskia",
  publisher = "Butterworth-Heinemann",
  year      = 2015,
  pages     = {108-127},
  isbn      = {978-0-12-801967-2},
  address   = "Woburn, MA"
}

@book{
  aycock-book,
  title     = "Computer Viruses and Malware",
  author    = "Aycock, John",
  publisher = "Springer",
  year      = 2006,
  isbn      = {978-0-387-30236-2},
}

@misc{
 snowden, 
 title        = {U.S. charges Snowden with espionage},
 url          = {https://www.washingtonpost.com/world/national-security/us-charges-snowden-with-espionage/2013/06/21/507497d8-dab1-11e2-a016-92547bf094cc_story.html},
 howpublished = {\url{https://www.washingtonpost.com/world/national-security/us-charges-snowden-with-espionage/2013/06/21/507497d8-dab1-11e2-a016-92547bf094cc_story.html}}
 journal      = {The Washington Post},
 publisher    = {WP Company},
 author       = {Finn, Peter and Horwitz, Sari},
 year         = {2013},
 month        = {Jun},
 note         = {[Online, accessed 11-05-2022]}
}

@article{
  white-hat-hacking-definition,
  title     = {Ethical hackers: putting on the white hat},
  author    = {Caldwell, Tracey},
  journal   = {Network Security},
  volume    = {2011},
  number    = {7},
  pages     = {10--13},
  year      = {2011},
  publisher = {Elsevier}
}
